<?xml version="1.0" encoding="UTF-8"?><record xmlns="http://www.loc.gov/MARC21/slim" xmlns:xsi="http://www.w3.org/2001/XMLSchema-instance" xsi:schemaLocation="http://www.loc.gov/MARC21/slim  http://www.loc.gov/standards/marcxml/schema/MARC21slim.xsd"><leader>     cai  22     Ia 4500</leader><controlfield tag="001">7832247</controlfield><controlfield tag="005">20120418210020.0</controlfield><controlfield tag="007">cr cnu|||mn|||</controlfield><controlfield tag="008">100623c20069999ko uu dss     0    2kor d</controlfield><datafield ind1=" " ind2=" " tag="035"><subfield code="a">(OCoLC)ocn646190649</subfield></datafield><datafield ind1=" " ind2=" " tag="035"><subfield code="a">(OCoLC)646190649</subfield></datafield><datafield ind1=" " ind2=" " tag="035"><subfield code="a">(NNC)7832247</subfield></datafield><datafield ind1=" " ind2=" " tag="040"><subfield code="a">ZCU</subfield><subfield code="c">ZCU</subfield></datafield><datafield ind1="0" ind2=" " tag="041"><subfield code="a">kor</subfield><subfield code="a">eng</subfield></datafield><datafield ind1=" " ind2=" " tag="043"><subfield code="a">a-ko---</subfield></datafield><datafield ind1=" " ind2="4" tag="050"><subfield code="a">DS922.445</subfield><subfield code="b">.A144 2006</subfield></datafield><datafield ind1=" " ind2=" " tag="066"><subfield code="c">$1</subfield></datafield><datafield ind1="2" ind2=" " tag="110"><subfield code="6">880-01</subfield><subfield code="a">5.18 Kinyŏm Chaedan (Korea)</subfield></datafield><datafield ind1="1" ind2="0" tag="245"><subfield code="6">880-02</subfield><subfield code="a">5·18 Kinyŏm Chaedan</subfield><subfield code="h">[electronic resource] =</subfield><subfield code="b">May 18 Memorial Foundation.</subfield></datafield><datafield ind1="3" ind2="1" tag="246"><subfield code="a">May 18 Memorial Foundation</subfield></datafield><datafield ind1=" " ind2=" " tag="260"><subfield code="6">880-03</subfield><subfield code="a">Kwangju Kwangyŏksi :</subfield><subfield code="b">5.18 Kinyŏm Chaedan</subfield></datafield><datafield ind1=" " ind2=" " tag="310"><subfield code="a">Continuously updated.</subfield></datafield><datafield ind1="1" ind2=" " tag="362"><subfield code="a">Began in 2006.</subfield></datafield><datafield ind1=" " ind2=" " tag="538"><subfield code="a">Mode of access: World Wide Web.</subfield></datafield><datafield ind1=" " ind2=" " tag="500"><subfield code="a">Title from home page (viewed on July 7 2010).</subfield></datafield><datafield ind1=" " ind2=" " tag="500"><subfield code="a">Preserved by Columbia University Libraries' Web Resources Collection Program.</subfield></datafield><datafield ind1=" " ind2=" " tag="546"><subfield code="a">Korean and English.</subfield></datafield><datafield ind1=" " ind2=" " tag="520"><subfield code="a">The May 18 Memorial Foundation is a non-profit organization established on August 30, 1994 by the surviving victims of the 1980 Gwangju Democratic Uprising, the victims families, and the citizens of Gwangju. The foundation aims to commemorate as well as continue the spirit and struggle and solidarity of the May 18 Uprising; to contribute to the peaceful reunification of Korea; and to work towards peace and human rights throughout the world.</subfield></datafield><datafield ind1=" " ind2="0" tag="650"><subfield code="a">Kwangju Uprising, Kwangju-si, Korea, 1980.</subfield></datafield><datafield ind1=" " ind2="0" tag="650"><subfield code="a">Civil rights movements</subfield><subfield code="z">Korea (South)</subfield><subfield code="z">Kwangju-si.</subfield></datafield><datafield ind1=" " ind2="0" tag="650"><subfield code="a">Human rights.</subfield></datafield><datafield ind1=" " ind2="0" tag="651"><subfield code="6">880-04</subfield><subfield code="a">Kwangju-si (Korea)</subfield><subfield code="x">History.</subfield></datafield><datafield ind1=" " ind2=" " tag="653"><subfield code="a">collective memory</subfield><subfield code="a">political violence</subfield></datafield><datafield ind1=" " ind2="0" tag="653"><subfield code="a">Non-governmental organizations</subfield></datafield><datafield ind1=" " ind2="0" tag="655"><subfield code="a">Web sites.</subfield></datafield><datafield ind1=" " ind2=" " tag="852"><subfield code="x">taf2111</subfield></datafield><datafield ind1="4" ind2="0" tag="856"><subfield code="u">http://www.columbia.edu/cgi-bin/cul/resolve?clio7832247</subfield><subfield code="z">Current site</subfield></datafield><datafield ind1="4" ind2="0" tag="856"><subfield code="u">http://www.columbia.edu/cgi-bin/cul/resolve?clio7832247.002</subfield><subfield code="z">Archived site</subfield></datafield><datafield ind1="2" ind2=" " tag="880"><subfield code="6">110-01/$1</subfield><subfield code="a">5.18 기념 재단 (Korea)</subfield></datafield><datafield ind1="1" ind2="0" tag="880"><subfield code="6">245-02/$1</subfield><subfield code="a">5·18 기념 재단</subfield><subfield code="h">[electronic resource] =</subfield><subfield code="b">The May 18 Memorial Foundation.</subfield></datafield><datafield ind1=" " ind2=" " tag="880"><subfield code="6">260-03/$1</subfield><subfield code="a">광주 광역시 :</subfield><subfield code="b">5·18 기념 재단</subfield></datafield><datafield ind1=" " ind2="0" tag="880"><subfield code="6">651-04/$1</subfield><subfield code="a">광주시 (Korea)</subfield><subfield code="x">History.</subfield></datafield><datafield ind1="4" ind2="0" tag="920"><subfield code="u">http://www.518.org/</subfield><subfield code="z">Current site</subfield></datafield><datafield ind1="4" ind2="1" tag="920"><subfield code="u">http://wayback.archive-it.org/1068/*/http://www.518.org/</subfield><subfield code="z">Archived site</subfield></datafield><datafield ind1=" " ind2=" " tag="965"><subfield code="a">ircrc</subfield></datafield><datafield ind1=" " ind2=" " tag="965"><subfield code="a">965archivec</subfield></datafield><datafield ind1=" " ind2=" " tag="965"><subfield code="a">965hrarchivec</subfield></datafield><datafield ind1=" " ind2=" " tag="965"><subfield code="a">965hrportal</subfield></datafield><datafield ind1="1" ind2=" " tag="948"><subfield code="a">20100707</subfield><subfield code="b">o</subfield><subfield code="c">kh33</subfield><subfield code="d">OSMC</subfield></datafield><datafield ind1=" " ind2=" " tag="900"><subfield code="a">AUTH</subfield></datafield></record>